<?xml version="1.0" encoding="UTF-8" ?>
<collection xmlns:xsi="http://www.w3.org/2001/XMLSchema-instance" xsi:schemaLocation="http://www.loc.gov/MARC21/slim http://www.loc.gov/standards/marcxml/schema/MARC21slim.xsd" xmlns="http://www.loc.gov/MARC21/slim">
   <record>
      <leader>     cam a22        4500</leader>
      <controlfield tag="001">3752809</controlfield>
      <controlfield tag="003">COO</controlfield>
      <controlfield tag="005">20140802203845.0</controlfield>
      <controlfield tag="008">801023m19491963ua            000 0 arar </controlfield>
      <datafield tag="010" ind1=" " ind2=" ">
         <subfield code="a">ne 62000119 /rev </subfield>
      </datafield>
      <datafield tag="035" ind1=" " ind2=" ">
         <subfield code="a">(NIC)notisASX1057</subfield>
      </datafield>
      <datafield tag="035" ind1=" " ind2=" ">
         <subfield code="a">(OCoLC)6853084</subfield>
      </datafield>
      <datafield tag="035" ind1=" " ind2=" ">
         <subfield code="a">3752809</subfield>
      </datafield>
      <datafield tag="040" ind1=" " ind2=" ">
         <subfield code="a">DLC</subfield>
         <subfield code="c">KUK</subfield>
         <subfield code="d">NIC</subfield>
      </datafield>
      <datafield tag="050" ind1=" " ind2=" ">
         <subfield code="a">DS32</subfield>
         <subfield code="b">.M8</subfield>
      </datafield>
      <datafield tag="100" ind1="1" ind2=" ">
         <subfield code="a">Mujāhid, Zakī Muḥammad.</subfield>
      </datafield>
      <datafield tag="245" ind1="1" ind2="3">
         <subfield code="a">al-Aʻlām al-Sharqīyah</subfield>
         <subfield code="b">fī al-maʾah al-rābiʻah ʻasharah al-hijriyyah, min sanah 1301 ilā sanah 1365/sanah 1883 ilā sanah 1946.</subfield>
         <subfield code="c">Taʾlīf Zakī Muḥammad Mujāhid.</subfield>
      </datafield>
      <datafield tag="250" ind1=" " ind2=" ">
         <subfield code="a">[al-Ṭabʻah al-awwal.</subfield>
      </datafield>
      <datafield tag="260" ind1=" " ind2=" ">
         <subfield code="a">al-Qāhirah,</subfield>
         <subfield code="c">1949-63]</subfield>
      </datafield>
      <datafield tag="300" ind1=" " ind2=" ">
         <subfield code="a">4 v.</subfield>
         <subfield code="c">24 cm.</subfield>
      </datafield>
      <datafield tag="500" ind1=" " ind2=" ">
         <subfield code="a">Vol. 1 has added t.p.: Biocraphies [sic] of famous men of the Orient in the XIVthe [c]entury hijri.</subfield>
      </datafield>
      <datafield tag="505" ind1="0" ind2=" ">
         <subfield code="a">al-Juzʾ al-awwal: al-Mulūk wa-al-umarāʾ. al-Wuzarā wa-al-sufarā. Zumʻamāʾ al-ḥarakah al-qawmiyyah. --al-Juzʾ al-thānī: Aʻlam al-jaysh wa-al-baḥriyyah. ʻUlamāʾ  al-Islam. --al-Juzʾ al-thālith: al-Quḍāh wa-al-muḥāmūn. Ṭabaqāt al-sūfiyyah. Mashāhīr al-niḥal qhayʻ Islāmiyyah. --al-Juzʾ al-rābiʻ: Udabāʾ. al-Muʾarrikhun wa-al-raḥḥālah.</subfield>
      </datafield>
      <datafield tag="651" ind1=" " ind2="0">
         <subfield code="a">Asia</subfield>
         <subfield code="v">Biography.</subfield>
      </datafield>
      <datafield tag="905" ind1=" " ind2=" ">
         <subfield code="a">20000210120000.0</subfield>
      </datafield>
      <datafield tag="948" ind1="2" ind2=" ">
         <subfield code="a">20121023</subfield>
         <subfield code="b">m</subfield>
         <subfield code="d">batch</subfield>
         <subfield code="e">lts</subfield>
         <subfield code="x">remove999</subfield>
      </datafield>
      <datafield tag="950" ind1=" " ind2=" ">
         <subfield code="l">OLIN</subfield>
         <subfield code="x">9999</subfield>
         <subfield code="a">DS32</subfield>
         <subfield code="b">.M95</subfield>
      </datafield>
      <datafield tag="903" ind1=" " ind2=" ">
         <subfield code="a">NYUACO</subfield>
         <subfield code="d">20141028</subfield>
         <subfield code="p">31924082477344</subfield>
      </datafield>
      <datafield tag="950" ind1=" " ind2=" ">
         <subfield code="a">DS32</subfield>
         <subfield code="b">.M95</subfield>
         <subfield code="v">v.4 </subfield>
      </datafield>
   </record>
</collection>
